%YAML 1.1
%TAG !u! tag:unity3d.com,2011:
--- !u!1001 &35005283320902169
PrefabInstance:
  m_ObjectHideFlags: 0
  serializedVersion: 2
  m_Modification:
    serializedVersion: 3
    m_TransformParent: {fileID: 3154555266379104226}
    m_Modifications:
    - target: {fileID: 4589716710238282922, guid: c4e141bc61e807b4b832b850d92f5fd7,
        type: 3}
      propertyPath: m_Name
      value: TrashCounter_Visual
      objectReference: {fileID: 0}
    - target: {fileID: 4589716710238282923, guid: c4e141bc61e807b4b832b850d92f5fd7,
        type: 3}
      propertyPath: m_LocalPosition.x
      value: 0
      objectReference: {fileID: 0}
    - target: {fileID: 4589716710238282923, guid: c4e141bc61e807b4b832b850d92f5fd7,
        type: 3}
      propertyPath: m_LocalPosition.y
      value: 0
      objectReference: {fileID: 0}
    - target: {fileID: 4589716710238282923, guid: c4e141bc61e807b4b832b850d92f5fd7,
        type: 3}
      propertyPath: m_LocalPosition.z
      value: 0
      objectReference: {fileID: 0}
    - target: {fileID: 4589716710238282923, guid: c4e141bc61e807b4b832b850d92f5fd7,
        type: 3}
      propertyPath: m_LocalRotation.w
      value: 1
      objectReference: {fileID: 0}
    - target: {fileID: 4589716710238282923, guid: c4e141bc61e807b4b832b850d92f5fd7,
        type: 3}
      propertyPath: m_LocalRotation.x
      value: 0
      objectReference: {fileID: 0}
    - target: {fileID: 4589716710238282923, guid: c4e141bc61e807b4b832b850d92f5fd7,
        type: 3}
      propertyPath: m_LocalRotation.y
      value: 0
      objectReference: {fileID: 0}
    - target: {fileID: 4589716710238282923, guid: c4e141bc61e807b4b832b850d92f5fd7,
        type: 3}
      propertyPath: m_LocalRotation.z
      value: 0
      objectReference: {fileID: 0}
    - target: {fileID: 4589716710238282923, guid: c4e141bc61e807b4b832b850d92f5fd7,
        type: 3}
      propertyPath: m_LocalEulerAnglesHint.x
      value: 0
      objectReference: {fileID: 0}
    - target: {fileID: 4589716710238282923, guid: c4e141bc61e807b4b832b850d92f5fd7,
        type: 3}
      propertyPath: m_LocalEulerAnglesHint.y
      value: 0
      objectReference: {fileID: 0}
    - target: {fileID: 4589716710238282923, guid: c4e141bc61e807b4b832b850d92f5fd7,
        type: 3}
      propertyPath: m_LocalEulerAnglesHint.z
      value: 0
      objectReference: {fileID: 0}
    m_RemovedComponents: []
    m_RemovedGameObjects: []
    m_AddedGameObjects: []
    m_AddedComponents: []
  m_SourcePrefab: {fileID: 100100000, guid: c4e141bc61e807b4b832b850d92f5fd7, type: 3}
--- !u!4 &4597522218907850418 stripped
Transform:
  m_CorrespondingSourceObject: {fileID: 4589716710238282923, guid: c4e141bc61e807b4b832b850d92f5fd7,
    type: 3}
  m_PrefabInstance: {fileID: 35005283320902169}
  m_PrefabAsset: {fileID: 0}
--- !u!1001 &1552171823109823648
PrefabInstance:
  m_ObjectHideFlags: 0
  serializedVersion: 2
  m_Modification:
    serializedVersion: 3
    m_TransformParent: {fileID: 0}
    m_Modifications:
    - target: {fileID: 2112898677010596711, guid: 156093f1bb066a741b5efc92278c8116,
        type: 3}
      propertyPath: m_Name
      value: TrashCounter
      objectReference: {fileID: 0}
    - target: {fileID: 4489340343431062338, guid: 156093f1bb066a741b5efc92278c8116,
        type: 3}
      propertyPath: m_LocalPosition.x
      value: 0
      objectReference: {fileID: 0}
    - target: {fileID: 4489340343431062338, guid: 156093f1bb066a741b5efc92278c8116,
        type: 3}
      propertyPath: m_LocalPosition.y
      value: 0
      objectReference: {fileID: 0}
    - target: {fileID: 4489340343431062338, guid: 156093f1bb066a741b5efc92278c8116,
        type: 3}
      propertyPath: m_LocalPosition.z
      value: 0
      objectReference: {fileID: 0}
    - target: {fileID: 4489340343431062338, guid: 156093f1bb066a741b5efc92278c8116,
        type: 3}
      propertyPath: m_LocalRotation.w
      value: 0.0000029653306
      objectReference: {fileID: 0}
    - target: {fileID: 4489340343431062338, guid: 156093f1bb066a741b5efc92278c8116,
        type: 3}
      propertyPath: m_LocalRotation.x
      value: -0
      objectReference: {fileID: 0}
    - target: {fileID: 4489340343431062338, guid: 156093f1bb066a741b5efc92278c8116,
        type: 3}
      propertyPath: m_LocalRotation.y
      value: -1
      objectReference: {fileID: 0}
    - target: {fileID: 4489340343431062338, guid: 156093f1bb066a741b5efc92278c8116,
        type: 3}
      propertyPath: m_LocalRotation.z
      value: -0
      objectReference: {fileID: 0}
    - target: {fileID: 4489340343431062338, guid: 156093f1bb066a741b5efc92278c8116,
        type: 3}
      propertyPath: m_LocalEulerAnglesHint.x
      value: 0
      objectReference: {fileID: 0}
    - target: {fileID: 4489340343431062338, guid: 156093f1bb066a741b5efc92278c8116,
        type: 3}
      propertyPath: m_LocalEulerAnglesHint.y
      value: -180
      objectReference: {fileID: 0}
    - target: {fileID: 4489340343431062338, guid: 156093f1bb066a741b5efc92278c8116,
        type: 3}
      propertyPath: m_LocalEulerAnglesHint.z
      value: 0
      objectReference: {fileID: 0}
    m_RemovedComponents: []
    m_RemovedGameObjects: []
    m_AddedGameObjects:
    - targetCorrespondingSourceObject: {fileID: 4489340343431062338, guid: 156093f1bb066a741b5efc92278c8116,
        type: 3}
      insertIndex: -1
      addedObject: {fileID: 4597522218907850418}
    - targetCorrespondingSourceObject: {fileID: 4489340343431062338, guid: 156093f1bb066a741b5efc92278c8116,
        type: 3}
      insertIndex: -1
      addedObject: {fileID: 6745352038416418631}
    m_AddedComponents:
    - targetCorrespondingSourceObject: {fileID: 2112898677010596711, guid: 156093f1bb066a741b5efc92278c8116,
        type: 3}
      insertIndex: -1
      addedObject: {fileID: 7639685664866066383}
  m_SourcePrefab: {fileID: 100100000, guid: 156093f1bb066a741b5efc92278c8116, type: 3}
--- !u!1 &637516814779736007 stripped
GameObject:
  m_CorrespondingSourceObject: {fileID: 2112898677010596711, guid: 156093f1bb066a741b5efc92278c8116,
    type: 3}
  m_PrefabInstance: {fileID: 1552171823109823648}
  m_PrefabAsset: {fileID: 0}
--- !u!114 &7639685664866066383
MonoBehaviour:
  m_ObjectHideFlags: 0
  m_CorrespondingSourceObject: {fileID: 0}
  m_PrefabInstance: {fileID: 0}
  m_PrefabAsset: {fileID: 0}
  m_GameObject: {fileID: 637516814779736007}
  m_Enabled: 1
  m_EditorHideFlags: 0
  m_Script: {fileID: 11500000, guid: dcc8ca3cb1c84e346a3fc8bc513b4c56, type: 3}
  m_Name: 
  m_EditorClassIdentifier: 
  counterTopPoint: {fileID: 4962110977296502711}
--- !u!4 &3154555266379104226 stripped
Transform:
  m_CorrespondingSourceObject: {fileID: 4489340343431062338, guid: 156093f1bb066a741b5efc92278c8116,
    type: 3}
  m_PrefabInstance: {fileID: 1552171823109823648}
  m_PrefabAsset: {fileID: 0}
--- !u!4 &4962110977296502711 stripped
Transform:
  m_CorrespondingSourceObject: {fileID: 5861040912356332311, guid: 156093f1bb066a741b5efc92278c8116,
    type: 3}
  m_PrefabInstance: {fileID: 1552171823109823648}
  m_PrefabAsset: {fileID: 0}
--- !u!1001 &7074520558065017836
PrefabInstance:
  m_ObjectHideFlags: 0
  serializedVersion: 2
  m_Modification:
    serializedVersion: 3
    m_TransformParent: {fileID: 3154555266379104226}
    m_Modifications:
    - target: {fileID: 4589716710238282922, guid: c4e141bc61e807b4b832b850d92f5fd7,
        type: 3}
      propertyPath: m_Name
      value: Selected
      objectReference: {fileID: 0}
    - target: {fileID: 4589716710238282923, guid: c4e141bc61e807b4b832b850d92f5fd7,
        type: 3}
      propertyPath: m_LocalScale.x
      value: 1.01
      objectReference: {fileID: 0}
    - target: {fileID: 4589716710238282923, guid: c4e141bc61e807b4b832b850d92f5fd7,
        type: 3}
      propertyPath: m_LocalScale.y
      value: 1.01
      objectReference: {fileID: 0}
    - target: {fileID: 4589716710238282923, guid: c4e141bc61e807b4b832b850d92f5fd7,
        type: 3}
      propertyPath: m_LocalScale.z
      value: 1.01
      objectReference: {fileID: 0}
    - target: {fileID: 4589716710238282923, guid: c4e141bc61e807b4b832b850d92f5fd7,
        type: 3}
      propertyPath: m_LocalPosition.x
      value: 0
      objectReference: {fileID: 0}
    - target: {fileID: 4589716710238282923, guid: c4e141bc61e807b4b832b850d92f5fd7,
        type: 3}
      propertyPath: m_LocalPosition.y
      value: 0
      objectReference: {fileID: 0}
    - target: {fileID: 4589716710238282923, guid: c4e141bc61e807b4b832b850d92f5fd7,
        type: 3}
      propertyPath: m_LocalPosition.z
      value: 0
      objectReference: {fileID: 0}
    - target: {fileID: 4589716710238282923, guid: c4e141bc61e807b4b832b850d92f5fd7,
        type: 3}
      propertyPath: m_LocalRotation.w
      value: 1
      objectReference: {fileID: 0}
    - target: {fileID: 4589716710238282923, guid: c4e141bc61e807b4b832b850d92f5fd7,
        type: 3}
      propertyPath: m_LocalRotation.x
      value: 0
      objectReference: {fileID: 0}
    - target: {fileID: 4589716710238282923, guid: c4e141bc61e807b4b832b850d92f5fd7,
        type: 3}
      propertyPath: m_LocalRotation.y
      value: 0
      objectReference: {fileID: 0}
    - target: {fileID: 4589716710238282923, guid: c4e141bc61e807b4b832b850d92f5fd7,
        type: 3}
      propertyPath: m_LocalRotation.z
      value: 0
      objectReference: {fileID: 0}
    - target: {fileID: 4589716710238282923, guid: c4e141bc61e807b4b832b850d92f5fd7,
        type: 3}
      propertyPath: m_LocalEulerAnglesHint.x
      value: 0
      objectReference: {fileID: 0}
    - target: {fileID: 4589716710238282923, guid: c4e141bc61e807b4b832b850d92f5fd7,
        type: 3}
      propertyPath: m_LocalEulerAnglesHint.y
      value: 0
      objectReference: {fileID: 0}
    - target: {fileID: 4589716710238282923, guid: c4e141bc61e807b4b832b850d92f5fd7,
        type: 3}
      propertyPath: m_LocalEulerAnglesHint.z
      value: 0
      objectReference: {fileID: 0}
    - target: {fileID: 4589716710238282923, guid: c4e141bc61e807b4b832b850d92f5fd7,
        type: 3}
      propertyPath: m_ConstrainProportionsScale
      value: 1
      objectReference: {fileID: 0}
    - target: {fileID: 7880980075579474333, guid: c4e141bc61e807b4b832b850d92f5fd7,
        type: 3}
      propertyPath: m_IsActive
      value: 0
      objectReference: {fileID: 0}
    - target: {fileID: 8529292057493577800, guid: c4e141bc61e807b4b832b850d92f5fd7,
        type: 3}
      propertyPath: 'm_Materials.Array.data[0]'
      value: 
      objectReference: {fileID: 2100000, guid: 1a0afd856a35421469b28b916116fd9c, type: 2}
    m_RemovedComponents: []
    m_RemovedGameObjects: []
    m_AddedGameObjects: []
    m_AddedComponents:
    - targetCorrespondingSourceObject: {fileID: 4589716710238282922, guid: c4e141bc61e807b4b832b850d92f5fd7,
        type: 3}
      insertIndex: -1
      addedObject: {fileID: 4252956332275144054}
  m_SourcePrefab: {fileID: 100100000, guid: c4e141bc61e807b4b832b850d92f5fd7, type: 3}
--- !u!1 &1113342833591411313 stripped
GameObject:
  m_CorrespondingSourceObject: {fileID: 7880980075579474333, guid: c4e141bc61e807b4b832b850d92f5fd7,
    type: 3}
  m_PrefabInstance: {fileID: 7074520558065017836}
  m_PrefabAsset: {fileID: 0}
--- !u!1 &6745352038416418630 stripped
GameObject:
  m_CorrespondingSourceObject: {fileID: 4589716710238282922, guid: c4e141bc61e807b4b832b850d92f5fd7,
    type: 3}
  m_PrefabInstance: {fileID: 7074520558065017836}
  m_PrefabAsset: {fileID: 0}
--- !u!114 &4252956332275144054
MonoBehaviour:
  m_ObjectHideFlags: 0
  m_CorrespondingSourceObject: {fileID: 0}
  m_PrefabInstance: {fileID: 0}
  m_PrefabAsset: {fileID: 0}
  m_GameObject: {fileID: 6745352038416418630}
  m_Enabled: 1
  m_EditorHideFlags: 0
  m_Script: {fileID: 11500000, guid: 2e63d3fcae8d3da42b86e702d1f77efe, type: 3}
  m_Name: 
  m_EditorClassIdentifier: 
  baseCounter: {fileID: 7639685664866066383}
  visualGameObjectArray:
  - {fileID: 1113342833591411313}
--- !u!4 &6745352038416418631 stripped
Transform:
  m_CorrespondingSourceObject: {fileID: 4589716710238282923, guid: c4e141bc61e807b4b832b850d92f5fd7,
    type: 3}
  m_PrefabInstance: {fileID: 7074520558065017836}
  m_PrefabAsset: {fileID: 0}
